@inbook{jacob,
    author = "Daniel J. Jacob",
    title = "Atmospheric Chemistry",
    publisher = "Princeton University Press",
    year = "1999",
    Chapter = "2.3",
    keywords = "Temperature, Profile"
}

@book{BexusManual,
   author = "EuroLaunch",
   publisher = "",
   title = "{BEXUS} User Manual",
   series = "Version 7.2",
   year = "31 Nov 2017",
   keywords  = "Bexus, Manual",
}


@article{Perkins,
    author  = "Sid Perkins",
    title   = "Arctic Warming Twice as Fast as Rest of World",
    year    = "2013",
    journal = "ScienceShot",
    keywords  = "Arctic, Warming."
}

 
@article{Karion,
    author  = "Karion et al.",
    title   = "{A}ir{C}ore: An Innovative Atmospheric Sampling System",
    year    = "2010",
    journal = "",
    keywords  = ""
}


@Manual{ECSSSecretariat,
   author =       "ECSS Secretariat",
   title =        "Space Engineering: Verification",
   organization = "ESA-ESTEC",
   address =      "Requirements \& Standards Division, ESTEC, P.O. Box 299, 2200 AG Noordwijk, The Netherlands",
   year =         "1998",
   month =        "Nov",
   partnumber =   "ECSS-E-10-02A",
 }
 
 
@book{Trace,
    author      = "Hansen James et al",
    publisher   = "The Royal Society Publishing",
    title       = "Climate Change and Trace Gases",
    year        = "2007",
    keywords    = "Trace gases, climate change."
}
 %Makiko Sato, Pushker Kharecha, Gary Russell, David W. Lea, Mark Siddall.
 
 @Manual{Humiditysensor,
 author =       "Texas Instruments",
   title =        "{HDC2010} Low Power Humidity and Temperature Digital Sensors",
   organization = "Texas Instruments",
   address =      "Texas Instruments, Post Office Box 655303, Dallas, Texas 75265",
   year =         "2017",
   month =        "Jul",
   partnumber =   "HDC2010-SNAS693",
 }
 
  @article{LISA,
  author =       "Hooghiem Joram J.D. et al",
  title =        "{LISA}: a lightweight stratospheric air sampler",
  journal =      "Atmospheric Measurement Techniques",
  volume =       "Pending",
  year =         "26th January 2018",
  DOI =          "https://doi.org/10.5194/amt-2018-23",
  keywords =     "atmospheric measurement, sampling"
}
@article{Picarro,
  author =        "Aaron Van Pelt",
   title =        "Real-Time Atmospheric Monitoring of Stable Isotopes and Trace Greenhouse Gases",
   journal =      "International Environmental Technology",
   year =         "2008",
   keywords =     "Greenhouse Gases, Picarro, Isotopes"
 }
 @Manual{Picarrouserguide,
   author =      "Picarro Inc",
   title =        "{PICARRO} {G2401} Analyzer for $CO_2/CO/CH_4/H_2O$ User's Guide",
   organization = "Picarro Inc",
   address =      "480 Oakmead Parkway, Sunnyvale, California, CA 94085, USA.",
   year =         "2010",
 }
 
 @article{barr11,
    author = "{Barr}, A.~C. and {Stillman}, D.~E.",
    title = "{Strain history of ice shells of the Galilean satellites from radar detection of crystal orientation fabric}",
    journal = "Geophysical Research Letters",
    year = "2011",
    volume = "38",
    pages = "{L06203}",
}

@inbook{bruzzone15,
    Author = "Bruzzone, L. and Plaut, J. J. and Alberti, G. and Blankenship, D. D. and Bovolo, F. and Campbell B. A. and Castelletti D. and Gim Y. and Ilisei A. M. and Kofman W. and Komatsu G. and McKinnon W. and Mitri G. and Moussessian A. and Notarnicola C. and Orosei R. and Patterson G. W. and Pettinelli E. and Plettemeier D.",
    Title = "Jupiter Icy Moon Explorer ({JUICE}): Advances in the design of the radar for icy moons ({RIME})",
    Booktitle = "2015 IEEE International Geoscience And Remote Sensing Symposium (IGARSS)",
    Year = "2015",
    Pages = "1257-1260",
}

@article{CO2distribution,
    author  = "M.Diallo et al.",
    title   = "Global distribution of {CO2} in the upper
troposphere and stratosphere",
    year    = "2017",
    journal = "",
    keywords  = ""
    
}    

@misc{latitude,
    title = "Global distribution",
    author = "NOAA",
    howpublished = {\url{https://www.esrl.noaa.gov/gmd/ccgg/gallery/figures/}},
    note = {Accessed: 2018-04-17}
    
}

@article{Membrive,
  title="{A}ir{C}ore-{HR}: a high-resolution column sampling to enhance the vertical description of {CH4} and {CO2}",
  author="Membrive, Olivier and Crevoisier, Cyril and Sweeney, Colm and Danis, Fran{\c{c}}ois and Hertzog, Albert and Engel, Andreas and B{\"o}nisch, Harald and Picon, Laurence",
  journal="Atmospheric Measurement Techniques",
  volume="10",
  number="6",
  pages="2163--2181",
  year="2017",
  publisher="Copernicus GmbH"
}

@misc{RedRok,
    title = "Heliostat Design Concepts",
    author = "Duane Johnson",
    howpublished = {\url{http://www.redrok.com/concept.htm#emissivity}},
    note = {Accessed: 2018-02-26}
    
}

@misc{EngTool,
    title = "Thermal Conductivity of Common Materials and Gases",
    author = "Engineering Toolbox",
    howpublished = {\url{https://www.engineeringtoolbox.com/thermal-conductivity-d_429.html}},
    note = {Accessed: 2018-02-25}
    
}

@article{BalloonAscent,
    title = "{B}alloon{A}scent: 3-{D} Simulation Tool for the Ascent and Float
    of High-Altitude Balloons ",
    author =  "Rodger E. Farley" ,
    howpublished = {American Institute of Aeronautics and Astronautic},
    note = {\url{https://ntrs.nasa.gov/archive/nasa/casi.ntrs.nasa.gov/20050243623.pdf} Accessed: 2018-04-15}
}



@misc{AircoreFlights,
    author    = "FMI",
    title     = "{A}ir{C}ore Flights at {S}odankylä ",
    howpublished       = {\url{https://www.gruan.org/gruan/editor/documents/meetings/icm-9/pres/pres_0719_Kivi_Aircore.pdf}},
    note  = "aircore",
}
@misc{IPC-2221B,
    author  = "IPC",
    title   = "{IPC-2221B}, Generic Standards on Printed Board Design",
    howpublished    =
    {\url{http://www.pcb-factory.net/Upload/DownLoad/PCBdesign%20principle_16030316524806.pdf}},
    note={Accessed: 2018-05-26},
    }
    
    @misc{EngToolair,
    title = "Standard Atmosphere Air Properties",
    author = "Engineering Toolbox",
    howpublished = {\url{https://www.engineeringtoolbox.com/standard-atmosphere-d_604.html}},
    note = {Accessed: 2018-06-24}
    
    }
    
@Manual{dowsverige,
    author =       "Dow Sverige AB",
    title =        "Säkerhetsdatablad",
    organization = "Dow Sverige AB",
    address =      "Dow Sverige AB,
    Box 783, 601 17 Norrköping, Sweden",
    year =         "2010",
    month =        "Oct",
    partnumber =   "STYROFOAM 250 A-N Extruded Polystyrene Foam",
}

@misc{flowrateswebsite,
    title            = "Standard Flow Rate VS Volumetric Flow Rate",
    howpublished     = {\url{http://www.tsi.com/uploadedFiles/_Site_Root/Products/Literature/Application_Notes/GenPurp-Standard_vs_Volumetric.pdf}},
    note = {Accessed: 2018-10-03},
    keywords  = "flow,rate,volumetric,standard",

}

@article{esapac,
  title="Project {TUBULAR}: Use of Multi-Layer Foil Sampling Bags and a 200 Meter {A}ir{C}ore for Greenhouse Gas Sampling On-Board the {BEXUS} 26 Stratospheric Balloon Flight",
  author="E, Fagerstr{\"o}m and N, Lawton, and G, Labr{\`e}che and others",
  journal="24th ESA Symposium on European Rocket & Balloon Programmes and Related Research",
  year="2019",
  publisher="ESA Publication Office"
}

@article{labreche2020,
  title="Stratospheric Balloon Flight of Cost-Effective Sampling Bags and High Resolution {A}ir{C}ore to Measure Arctic Greenhouse Gas Concentrations of {CO2} and {CH4}",
  author="GLJ, Labr{\`e}che and P, Molas-Roca and N, Lawton and others",
  journal="3rd Symposium on Space Educational Activities",
  year="2020",
  publisher="University of Leicester"
}
